@misc{cld2,
    title={The WiLI benchmark dataset for written language identification},
    author={Martin Thoma},
    year={2018},
    eprint={1801.07779},
    archivePrefix={arXiv},
    primaryClass={cs.CV}
}